<record><leader>00000cas a22000007a 4500</leader><controlfield tag="001">17525691</controlfield><controlfield tag="008">880223d18731875ohudn ne      0    0eng d</controlfield><datafield ind1=" " ind2=" " tag="010"><subfield code="a">sn 88078264 </subfield></datafield><datafield ind1=" " ind2=" " tag="040"><subfield code="a">ONP</subfield><subfield code="b">eng</subfield><subfield code="c">ONP</subfield><subfield code="d">OCLCQ</subfield></datafield><datafield ind1=" " ind2=" " tag="042"><subfield code="a">msc</subfield></datafield><datafield ind1="0" ind2="0" tag="245"><subfield code="a">Steubenville evening gazette.</subfield></datafield><datafield ind1=" " ind2=" " tag="260"><subfield code="a">Steubenville, Ohio :</subfield><subfield code="b">Charles N. Allen,</subfield><subfield code="c">-1875.</subfield></datafield><datafield ind1=" " ind2=" " tag="310"><subfield code="a">Daily (except Sun.)</subfield></datafield><datafield ind1="1" ind2=" " tag="362"><subfield code="a">Began with Nov. 1, 1873 issue.</subfield></datafield><datafield ind1="0" ind2=" " tag="362"><subfield code="a">-v. 2, no. 192 (June 17, 1875).</subfield></datafield><datafield ind1=" " ind2=" " tag="580"><subfield code="a">Weekly eds.: Steubenville weekly gazette (Steubenville, Ohio : 1870), 1873-1874, and: Steubenville gazette (Steubenville, Ohio : 1874), 1874-1875.</subfield></datafield><datafield ind1=" " ind2=" " tag="588"><subfield code="a">Description based on: Vol. 1, no. 52 (Jan. 3, 1874).</subfield></datafield><datafield ind1=" " ind2=" " tag="752"><subfield code="a">United States</subfield><subfield code="b">Ohio</subfield><subfield code="c">Jefferson</subfield><subfield code="d">Steubenville.</subfield></datafield><datafield ind1="1" ind2=" " tag="775"><subfield code="t">Steubenville weekly gazette (Steubenville, Ohio : 1870)</subfield><subfield code="w">(DLC)sn 84027716</subfield></datafield><datafield ind1="1" ind2=" " tag="775"><subfield code="t">Steubenville gazette (Steubenville, Ohio : 1874)</subfield><subfield code="w">(DLC)sn 88078266</subfield></datafield><datafield ind1="0" ind2="0" tag="785"><subfield code="t">Steubenville daily gazette</subfield><subfield code="w">(DLC)sn 84024203</subfield></datafield></record>